@Book{kragh,
title = {Videnskaben, verden og vi},
author = {Helge Kragh}}

@Misc{ordnet,
title = {Den Danske Ordbog},
note = {\url{https://ordnet.dk/ddo/ordbog?query=fiktion&tab=for}}
}

@Book{rantzau,
title = {Alle tiders tal},
author = {Paul Rantzau},
publisher = {{Politikens Forlag},
year = 1977}}